@article{Classen2013FeaturedTS,
  title={Featured Transition Systems: Foundations for Verifying Variability-Intensive Systems and Their Application to LTL Model Checking},
  author={Andreas Classen and Maxime Cordy and Pierre-Yves Schobbens and Patrick Heymans and Axel Legay and Jean-Fran√ßois Raskin},
  journal={IEEE Transactions on Software Engineering},
  year={2013},
  volume={39},
  pages={1069-1089}
}
@inproceedings{inproceedings,
	author = {Classen, Andreas and Heymans, Patrick and Schobbens, Pierre Yves and Legay, Axel and Raskin, Jean-Pierre},
	year = {2010},
	month = {01},
	pages = {},
	title = {Model Checking Lots of Systems: Efficient Verification of Temporal Properties in Software Product Lines},
	volume = {1},
	journal = {Proceedings - International Conference on Software Engineering},
	doi = {10.1145/1806799.1806850}
}